@article{wsjdoss,
    author = "Kristina Doss",
    title = "Ownit Mortgage Files For Bankruptcy Protection",
    url = "https://www.wsj.com/articles/SB116775515272364964",
    urldate = {2019-09-10},
    journal = "The Wall Street Journal",
    year = 2007,
    month = 1,
    day = 2
    }

@article{nytcres,
    author = "Julie Creswell and Vikas Bajaj",
    title = "Home Lender Is Seeking Bankruptcy",
    url = "https://www.nytimes.com/2007/04/03/business/03lend.html",
    urldate = {2019-09-21},
    journal = "The New York Times",
    year = 2007,
    month = 4,
    day = 3
}

@article{acharyar,
    author = "Viral V. Acharya and Matthew Richardson",
    title = "Causes of the Financial Crisis",
    year = 2009,
    month = 5,
    day = 1,
    journal = "Critical Review, Vol. 21, Nos. 2 \& 3",
    pages = "195--210",
    url = "https://ssrn.com/abstract=1514984",
    urldate = {2019-08-25}
 }

@article{crottycam,
    author = "James Crotty",
    title = "Structural causes of the global financial crisis: a critical assessment of the 'new financial architecture'",
    year = 2009,
    month = 4,
    day = 30,
    journal = "Cambridge Journal of Economics, Volume 33, Issue 4",
    pages = "563--580",
    url = "https://academic.oup.com/cje/article/33/4/563/1730705",
    urldate = {2019-07-29}
}

@article{gs1,
    author = "Jan Hatzius and others",
    title = "Learning from a Century of US Recessions",
    year = 2019,
    month = 1,
    day = 20,
    journal = "Goldman Sachs -- US Economics Analyst",
    url = "https://www.goldmansachs.com/insights/pages/learning-from-a-century-us-recessions/report.pdf",
    urldate = {2019-07-15}
}

@online{dimonyt,
    author = "Jamie Dimon",
    title = "Jamie Dimon On The 2008 Crisis",
    year = 2018,
    month = 9,
    day = 12,
    subtitle = "CNBC Interview mit Andrew Ross Sorkin",
    url = "https://www.youtube.com/watch?v=QE3QwTA5ujE",
    urldate = {2019-09-29}
}

@inbook{bordo,
    author = "Michael Bordo",
    title = "A Retrospective on the Bretton Woods System: Lessons for International Monetary Reform",
    chapter = "The Bretton Woods International Monetary System: A Historical Overview",
    pages = "3--108",
    publisher = "University of Chicago Press",
    year = 1992,
    month = 3,
    url = "https://www.nber.org/chapters/c6867.pdf",
    urldate = {2019-09-27},
    isbn = "0-226-06587-1"
}

@booklet{sherman2009short,
  title={A short history of financial deregulation in the United States},
  author={Sherman, Matthew},
  year={2009},
  publisher={Center for Economic and Policy Research},
  month={7},
  url="https://www.openthegovernment.org/wp-content/uploads/other-files/otg/dereg-timeline-2009-07.pdf",
  urldate={2019-09-28}
}

@book{chackocred,
    title={Credit Derivatives},
    subtitle={A Primer on Credit Risk, Modeling, and Instruments},
    author={George Chacko and Anders Sjoman and Vincent Dessain and Hideto Motohashi},
    year={2006},
    publisher={The Wharton School},
    isbn={0-131-46744-1}
}